@article{kasalica2020semantic,
  title={Workflow Discovery with Semantic Constraints:
A SAT-Based Implementation},
  author={Kasalica, Vedran and Lamprecht, Anna-Lena},
  year={2020}
}

@MISC{Steffen93moduleconfiguration,
    author = {Bernhard Steffen and Tiziana Margaria and Burkhard Freitag},
    title = {Module Configuration by Minimal Model Construction},
    year = {1993}
}

@article{Bounded_model_checking,
  title={Bounded model checking.},
  author={Biere, Armin and Cimatti, Alessandro and Clarke, Edmund M and Strichman, Ofer and Zhu, Yunshan and others},
  journal={Advances in computers},
  volume={58},
  number={11},
  pages={117--148},
  year={2003}
}

@incollection{emerson1990temporal,
  title={Temporal and modal logic},
  author={Emerson, E Allen},
  booktitle={Formal Models and Semantics},
  pages={995--1072},
  year={1990},
  publisher={Elsevier}
}

@article{palmblad2019automated,
  title={Automated workflow composition in mass spectrometry-based proteomics},
  author={Palmblad, Magnus and Lamprecht, Anna-Lena and Ison, Jon and Schw{\"a}mmle, Veit},
  journal={Bioinformatics},
  volume={35},
  number={4},
  pages={656--664},
  year={2019},
  publisher={Oxford University Press}
}


@inproceedings{kasalica2019workflow,
  title={Workflow discovery through semantic constraints: A geovisualization case study},
  author={Kasalica, Vedran and Lamprecht, Anna-Lena},
  booktitle={International Conference on Computational Science and Its Applications},
  pages={473--488},
  year={2019},
  organization={Springer}
}

@book{solar2008program,
  title={Program synthesis by sketching},
  author={Solar-Lezama, Armando and Bodik, Rastislav},
  year={2008},
  publisher={Citeseer}
}

@article{program_synthesis,
url = {http://dx.doi.org/10.1561/2500000010},
year = {2017},
volume = {4},
journal = {Foundations and Trends® in Programming Languages},
title = {Program Synthesis},
doi = {10.1561/2500000010},
issn = {2325-1107},
number = {1-2},
pages = {1-119},
author = {Sumit Gulwani and Oleksandr Polozov and Rishabh Singh}
}

@InProceedings{Prophets,
author="Naujokat, Stefan
and Lamprecht, Anna-Lena
and Steffen, Bernhard",
editor="de Lara, Juan
and Zisman, Andrea",
title="Loose Programming with PROPHETS",
booktitle="Fundamental Approaches to Software Engineering",
year="2012",
publisher="Springer Berlin Heidelberg",
address="Berlin, Heidelberg",
pages="94--98",
abstract="Loose programming is an extension to graphical process modeling that is tailored to automatically complete underspecified (loose) models using a combination of data-flow analysis and LTL synthesis. In this tool demonstration we present PROPHETS, our current implementation of the loose programming concept. The first part of the demonstration focuses on the preparative domain modeling, where a domain expert annotates the available services with semantic (ontological) information. The second part is then concerned with the actual loose programming, where a process modeler orchestrates the services without having to care about technical details like correct typing, interface compatibility, or platform-specific details. The orchestrated process skeletons are treated as loose service orchestrations that are automatically completed to running applications.",
isbn="978-3-642-28872-2"
}


@inproceedings{verificationToSynthesis,
author = {Srivastava, Saurabh and Gulwani, Sumit and Foster, Jeffrey S.},
title = {From Program Verification to Program Synthesis},
year = {2010},
isbn = {9781605584799},
publisher = {Association for Computing Machinery},
address = {New York, NY, USA},
url = {https://doi.org/10.1145/1706299.1706337},
doi = {10.1145/1706299.1706337},
booktitle = {Proceedings of the 37th Annual ACM SIGPLAN-SIGACT Symposium on Principles of Programming Languages},
pages = {313–326},
numpages = {14},
keywords = {proof-theoretic program synthesis, verification},
location = {Madrid, Spain},
series = {POPL ’10}
}
  


@inproceedings{biere1999symbolic,
  title={Symbolic model checking using SAT procedures instead of BDDs},
  author={Biere, Armin and Cimatti, Alessandro and Clarke, Edmund M and Fujita, Masahiro and Zhu, Yunshan},
  booktitle={Proceedings of the 36th annual ACM/IEEE Design Automation Conference},
  pages={317--320},
  year={1999}
}

@inproceedings{biere1999symbolicMethods,
  title={Symbolic model checking without BDDs},
  author={Biere, Armin and Cimatti, Alessandro and Clarke, Edmund and Zhu, Yunshan},
  booktitle={International conference on tools and algorithms for the construction and analysis of systems},
  pages={193--207},
  year={1999},
  organization={Springer}
}



@inproceedings{lamprecht2010synthesis,
  title={Synthesis-based loose programming},
  author={Lamprecht, Anna-Lena and Naujokat, Stefan and Margaria, Tiziana and Steffen, Bernhard},
  booktitle={2010 Seventh International Conference on the Quality of Information and Communications Technology},
  pages={262--267},
  year={2010},
  organization={IEEE}
}

@book{allen2011getting,
  title={Getting to know ArcGIS modelBuilder},
  author={Allen, David W},
  year={2011},
  publisher={Esri Press}
}

@inproceedings{pesic2007declare,
  title={Declare: Full support for loosely-structured processes},
  author={Pesic, Maja and Schonenberg, Helen and Van der Aalst, Wil MP},
  booktitle={11th IEEE International Enterprise Distributed Object Computing Conference (EDOC 2007)},
  pages={287--287},
  year={2007},
  organization={IEEE}
}

@inproceedings{pesic2006declarative,
  title={A declarative approach for flexible business processes management},
  author={Pesic, Maja and Van der Aalst, Wil MP},
  booktitle={International conference on business process management},
  pages={169--180},
  year={2006},
  organization={Springer}
}

@book{van2011process,
  title={Process mining: discovery, conformance and enhancement of business processes},
  author={Van Der Aalst, Wil},
  volume={2},
  year={2011},
  publisher={Springer}
}

@inproceedings{di2013two,
  title={A two-step fast algorithm for the automated discovery of declarative workflows},
  author={Di Ciccio, Claudio and Mecella, Massimo},
  booktitle={2013 IEEE Symposium on Computational Intelligence and Data Mining (CIDM)},
  pages={135--142},
  year={2013},
  organization={IEEE}
}

@inproceedings{maggi2011user,
  title={User-guided discovery of declarative process models},
  author={Maggi, Fabrizio M and Mooij, Arjan J and van der Aalst, Wil MP},
  booktitle={2011 IEEE Symposium on Computational Intelligence and Data Mining (CIDM)},
  pages={192--199},
  year={2011},
  organization={IEEE}
}

@article{codd1979extending,
  title={Extending the database relational model to capture more meaning},
  author={Codd, Edgar F},
  journal={ACM Transactions on Database Systems (TODS)},
  volume={4},
  number={4},
  pages={397--434},
  year={1979},
  publisher={ACM New York, NY, USA}
}

@book{laurini1992fundamentals,
  title={Fundamentals of spatial information systems},
  author={Laurini, Robert and Thompson, Derek},
  volume={37},
  year={1992},
  publisher={Academic press}
}

@article{kuhn2012core,
  title={Core concepts of spatial information for transdisciplinary research},
  author={Kuhn, Werner},
  journal={International Journal of Geographical Information Science},
  volume={26},
  number={12},
  pages={2267--2276},
  year={2012},
  publisher={Taylor \& Francis}
}

@incollection{kuhn2015designing,
  title={Designing a language for spatial computing},
  author={Kuhn, Werner and Ballatore, Andrea},
  booktitle={AGILE 2015},
  pages={309--326},
  year={2015},
  publisher={Springer}
}

@inproceedings{albrecht1995semantic,
  title={Semantic net of universal elementary GIS functions},
  author={Albrecht, Jochen},
  booktitle={In Proceedings ACSM/ASPRS Annual Convention and Exposition Technical Papers},
  year={1995},
  organization={Citeseer}
}



@article{gulwani2011loopfree,
  title={Synthesis of loop-free programs},
  author={Gulwani, Sumit and Jha, Susmit and Tiwari, Ashish and Venkatesan, Ramarathnam},
  journal={ACM SIGPLAN Notices},
  volume={46},
  number={6},
  pages={62--73},
  year={2011},
  publisher={ACM New York, NY, USA}
}


@inproceedings{gulwani2010dimensions,
  title={Dimensions in program synthesis},
  author={Gulwani, Sumit},
  booktitle={Proceedings of the 12th international ACM SIGPLAN symposium on Principles and practice of declarative programming},
  pages={13--24},
  year={2010}
}

@article{wolstencroft2013taverna,
  title={The Taverna workflow suite: designing and executing workflows of Web Services on the desktop, web or in the cloud},
  author={Wolstencroft, Katherine and Haines, Robert and Fellows, Donal and Williams, Alan and Withers, David and Owen, Stuart and Soiland-Reyes, Stian and Dunlop, Ian and Nenadic, Aleksandra and Fisher, Paul and others},
  journal={Nucleic acids research},
  volume={41},
  number={W1},
  pages={W557--W561},
  year={2013},
  publisher={Oxford University Press}
}

@inproceedings{altintas2004kepler,
  title={Kepler: an extensible system for design and execution of scientific workflows},
  author={Altintas, Ilkay and Berkley, Chad and Jaeger, Efrat and Jones, Matthew and Ludascher, Bertram and Mock, Steve},
  booktitle={Proceedings. 16th International Conference on Scientific and Statistical Database Management, 2004.},
  pages={423--424},
  year={2004},
  organization={IEEE}
}

@article{scheider2009ontology,
  title={Ontology of core concept data types for answering geo-analytical questions},
  author={Scheider, Simon and Meerlo, Rogier and Kasalica, Vedran and Lamprecht, Anna-Lena},
  journal={Journal of Spatial Information Science},
  year={2009}
}

@article{scheider2020geo,
  title={Geo-analytical question-answering with GIS},
  author={Scheider, Simon and Nyamsuren, Enkhbold and Kruiger, Han and Xu, Haiqi},
  journal={International Journal of Digital Earth},
  pages={1--14},
  year={2020},
  publisher={Taylor \& Francis}
}

@article{scheider2020gata,
  title={Geo-analytical transformation algebra},
  author={Scheider, Simon and Kruiger, Han},
  journal={To be determined},
  year={2020}
}

@book{trudeau2013introduction,
  title={Introduction to graph theory},
  author={Trudeau, Richard J},
  year={2013},
  publisher={Courier Corporation}
}

@inproceedings{veanes2008bounded,
  title={On bounded reachability of programs with set comprehensions},
  author={Veanes, Margus and Saabas, Ando},
  booktitle={International Conference on Logic for Programming Artificial Intelligence and Reasoning},
  pages={305--317},
  year={2008},
  organization={Springer}
}
